@misc{martinmaroto2018algebraic,
      title={Algebraic Machine Learning},
      author={Fernando Martin-Maroto and Gonzalo G. de Polavieja},
      year={2018},
      eprint={1803.05252},
      archivePrefix={arXiv},
      primaryClass={cs.LG}
}